%%%%%%%%%%%%%%%%%%%%%%%%%%%%%%%%%%%%%%%%%%

@article{saha2018comprehensive,
  title={A comprehensive guide to convolutional neural networks—the ELI5 way},
  author={Saha, Sumit},
  journal={Towards Data Science},
  volume={15},
  year={2018}
}

@article{gatys2015neural,
  title={A neural algorithm of artistic style},
  author={Gatys, Leon A and Ecker, Alexander S and Bethge, Matthias},
  journal={arXiv preprint arXiv:1508.06576},
  year={2015}
}


%
@article{geron2018neural,
  title={Neural networks and deep learning},
  author={G{\'e}ron, Aur{\'e}lien},
  year={2018},
  publisher={O'Reilly}
}

@article{brownlee2017gentle,
  title={A gentle introduction to transfer learning for deep learning},
  author={Brownlee, Jason},
  journal={Machine Learning Mastery},
  year={2017}
}

@INPROCEEDINGS{8636278,
  author={C. {Zheng} and Y. {Zhang}},
  booktitle={2018 15th International Symposium on Pervasive Systems, Algorithms and Networks (I-SPAN)}, 
  title={Two-Stage Color ink Painting Style Transfer via Convolution Neural Network}, 
  year={2018},
  volume={},
  number={},
  pages={193-200},
  doi={10.1109/I-SPAN.2018.00039}}

  @article{sarkar2018comprehensive,
  title={A comprehensive hands-on guide to transfer learning with real-world applications in deep learning},
  author={Sarkar, Dipanjan},
  journal={Towards Data Science. Saatavissa: https://towardsdatascience. com/a-comprehensive-handson-guide-to-transfer-learning-with-real-world-applications-in-deep-learning-212bf3b2f27a. Hakup{\"a}iv{\"a}},
  volume={20},
  pages={2020},
  year={2018}
}

@misc{Gradient17:online,
author = {},
title = {Gradient Descent คีย์เวิร์ดที่ Data Science ต้องรู้จัก ! : Machine Learning 101 | by Mr.P L | mmp-li | Medium},
howpublished = {\url{https://medium.com/mmp-li/gradient-descent-%E0%B8%84%E0%B8%B5%E0%B8%A2%E0%B9%8C%E0%B9%80%E0%B8%A7%E0%B8%B4%E0%B8%A3%E0%B9%8C%E0%B8%94%E0%B8%97%E0%B8%B5%E0%B9%88-data-science-%E0%B8%95%E0%B9%89%E0%B8%AD%E0%B8%87%E0%B8%A3%E0%B8%B9%E0%B9%89%E0%B8%88%E0%B8%B1%E0%B8%81-machine-learning-101-b5c78c1787a0}},
month = {},
year = {},
note = {(Accessed on 03/20/2021)}
}

@misc{WhatisWe89:online,
author = {},
title = {What is Web Application Architecture? How It Works, Trends, Best Practices and More – Stackify},
howpublished = {\url{https://stackify.com/web-application-architecture/}},
month = {},
year = {},
note = {(Accessed on 03/20/2021)}
}

@misc{NeuralTr45:online,
author = {},
title = {Neural Transfer Using PyTorch — PyTorch Tutorials 1.8.0 documentation},
howpublished = {\url{https://pytorch.org/tutorials/advanced/neural_style_tutorial.html}},
month = {},
year = {},
note = {(Accessed on 03/20/2021)}
}

@misc{ปูพื้นฐา98:online,
author = {},
title = {ปูพื้นฐานการพัฒนา Web Application ภาษา Python ด้วย Django Framework | by Kong Ruksiamza | Medium},
howpublished = {\url{https://kongruksiamza.medium.com/%E0%B8%9B%E0%B8%B9%E0%B8%9E%E0%B8%B7%E0%B9%89%E0%B8%99%E0%B8%90%E0%B8%B2%E0%B8%99%E0%B8%81%E0%B8%B2%E0%B8%A3%E0%B8%9E%E0%B8%B1%E0%B8%92%E0%B8%99%E0%B8%B2-web-application-%E0%B8%81%E0%B8%B1%E0%B8%9A%E0%B8%A0%E0%B8%B2%E0%B8%A9%E0%B8%B2-python-%E0%B8%94%E0%B9%89%E0%B8%A7%E0%B8%A2-django-framework-9d3b7f48718a}},
month = {},
year = {},
note = {(Accessed on 03/20/2021)}
}

@misc{DeepLear55:online,
author = {},
title = {Deep Learning แบบฉบับคนสามัญชน EP 1 : Neural Network History | by Mr.P L | mmp-li | Medium},
howpublished = {\url{https://medium.com/mmp-li/deep-learning-%E0%B9%81%E0%B8%9A%E0%B8%9A%E0%B8%89%E0%B8%9A%E0%B8%B1%E0%B8%9A%E0%B8%84%E0%B8%99%E0%B8%AA%E0%B8%B2%E0%B8%A1%E0%B8%B1%E0%B8%8D%E0%B8%8A%E0%B8%99-ep-1-neural-network-history-f7789236a9a3}},
month = {},
year = {},
note = {(Accessed on 03/20/2021)}
}